<?xml version='1.0' encoding='UTF-8'?>
<record xmlns="http://www.loc.gov/MARC21/slim">
  <leader>01477cam a2200361Ma 4500</leader>
  <controlfield tag="001">2767382</controlfield>
  <controlfield tag="003">NjP</controlfield>
  <controlfield tag="005">20171010175211.0</controlfield>
  <controlfield tag="008">910916m19581962ir            000 0 ara d</controlfield>
  <datafield tag="024" ind1="7" ind2=" ">
    <subfield code="a">princeton_aco002234</subfield>
    <subfield code="2">local</subfield>
  </datafield>
  <datafield ind1=" " ind2=" " tag="035">
    <subfield code="a">(OCoLC)ocn178382491</subfield>
  </datafield>
  <datafield ind1=" " ind2=" " tag="035">
    <subfield code="a">(OCoLC)ocm29067520</subfield>
  </datafield>
  <datafield ind1=" " ind2=" " tag="040">
    <subfield code="a">MNU</subfield>
    <subfield code="c">PUL</subfield>
    <subfield code="d">PUL</subfield>
  </datafield>
  <datafield ind1=" " ind2=" " tag="035">
    <subfield code="a">(OCoLC)178382491</subfield>
  </datafield>
  <datafield ind1=" " ind2=" " tag="035">
    <subfield code="9">CNG3468TS</subfield>
  </datafield>
  <datafield ind1=" " ind2=" " tag="035">
    <subfield code="a">(NjP)2767382</subfield>
  </datafield>
  <datafield ind1=" " ind2=" " tag="079">
    <subfield code="a">ocm29067520</subfield>
  </datafield>
  <datafield ind1=" " ind2=" " tag="049">
    <subfield code="a">PULL</subfield>
  </datafield>
  <datafield ind1="1" ind2=" " tag="100">
    <subfield code="6">880-01</subfield>
    <subfield code="a">Ṭūsī, Muḥammad ibn al-Ḥasan,</subfield>
    <subfield code="d">995-1067?</subfield>
    <subfield code="0">http://id.loc.gov/authorities/names/n80149963</subfield>
  </datafield>
  <datafield ind1="1" ind2="0" tag="240">
    <subfield code="6">880-02</subfield>
    <subfield code="a">Khilāf fī al-fiqh</subfield>
  </datafield>
  <datafield ind1="1" ind2="0" tag="245">
    <subfield code="6">880-03</subfield>
    <subfield code="a">Kitāb al-khilāf fī al-fiqh /</subfield>
    <subfield code="c">taṣnīf Abī Jaʻfar Muḥammad ibn al-Ḥasan ibn ʻAlī al-Ṭūsī.</subfield>
  </datafield>
  <datafield ind1=" " ind2=" " tag="250">
    <subfield code="6">880-04</subfield>
    <subfield code="a">al-Ṭabʻah 2.</subfield>
  </datafield>
  <datafield ind1=" " ind2=" " tag="260">
    <subfield code="6">880-05</subfield>
    <subfield code="a">Ṭihrān :</subfield>
    <subfield code="b">Maṭbaʻat Rangīn,</subfield>
    <subfield code="c">1377-1382 [1958-1962]</subfield>
  </datafield>
  <datafield ind1=" " ind2=" " tag="300">
    <subfield code="a">2 v.;</subfield>
    <subfield code="c">25 cm.</subfield>
  </datafield>
  <datafield ind1=" " ind2="0" tag="650">
    <subfield code="a">Islamic law.</subfield>
    <subfield code="0">http://id.loc.gov/authorities/subjects/sh85068454</subfield>
  </datafield>
  <datafield ind1="0" ind2=" " tag="740">
    <subfield code="6">880-06</subfield>
    <subfield code="a">Khilāf fī al-fiqh.</subfield>
  </datafield>
  <datafield ind1="1" ind2=" " tag="880">
    <subfield code="6">100-01/r</subfield>
    <subfield code="a">طوسي، محمد بن الحسن،</subfield>
    <subfield code="d">995-1067؟</subfield>
  </datafield>
  <datafield ind1="1" ind2="0" tag="880">
    <subfield code="6">240-02/r</subfield>
    <subfield code="a">خلاف في الفقه</subfield>
  </datafield>
  <datafield ind1="1" ind2="0" tag="880">
    <subfield code="6">245-03/r</subfield>
    <subfield code="a">كتاب الخلاف في الفقه /</subfield>
    <subfield code="c">تصنيف ابي جعفر محمد بن الحسن بن علي الطوسي.</subfield>
  </datafield>
  <datafield ind1=" " ind2=" " tag="880">
    <subfield code="6">250-04/r</subfield>
    <subfield code="a">الطبعة 2.</subfield>
  </datafield>
  <datafield ind1=" " ind2=" " tag="880">
    <subfield code="6">260-05/r</subfield>
    <subfield code="a">طهران :</subfield>
    <subfield code="b">مطبعة رنگين،</subfield>
    <subfield code="c">1377-1382 [1958-1962]</subfield>
  </datafield>
  <datafield ind1="0" ind2=" " tag="880">
    <subfield code="6">740-06/r</subfield>
    <subfield code="a">خلاف في الفقه.</subfield>
  </datafield>
  <datafield ind1=" " ind2=" " tag="911">
    <subfield code="a">20000130</subfield>
  </datafield>
  <datafield ind1=" " ind2=" " tag="994">
    <subfield code="a">C0</subfield>
    <subfield code="b">PUL</subfield>
  </datafield>
  <datafield ind1=" " ind2=" " tag="999">
    <subfield code="a">2767382</subfield>
  </datafield>
  <datafield ind1="0" ind2="1" tag="852">
    <subfield code="0">3078202</subfield>
    <subfield code="b">nec</subfield>
    <subfield code="t">1</subfield>
    <subfield code="h">KBP144</subfield>
    <subfield code="i">.T875 1958</subfield>
  </datafield>
  <datafield ind1=" " ind2="0" tag="866">
    <subfield code="0">3078202</subfield>
    <subfield code="8">0</subfield>
    <subfield code="a">v.1-2</subfield>
  </datafield>
  <datafield ind1=" " ind2=" " tag="959">
    <subfield code="a">2009-07-07 09:45:57 -0400</subfield>
  </datafield>
</record>
